%% This BibTeX bibliography file was created using BibDesk.
%% http://bibdesk.sourceforge.net/


%% Created for Alex at 2016-06-12 16:12:40 +0200 


%% Saved with string encoding Unicode (UTF-8) 



@url{selenium,
	Date-Added = {2016-06-12 14:07:19 +0000},
	Date-Modified = {2016-06-12 14:12:34 +0000},
	Lastchecked = {12.06.2016},
	Rating = {1},
	Title = {Selenium HQ},
	Url = {http://www.seleniumhq.org/},
	Urldate = {12.06.2016},
	howpublished = "\url{http://www.seleniumhq.org/}",
	note = {Zugriff am 12.06.2016}}

@url{pattern,
	Author = {Chris Richardson},
	Date-Added = {2016-05-12 08:05:01 +0000},
	Date-Modified = {2016-06-12 09:50:03 +0000},
	Lastchecked = {30.05.2016},
	Title = {Pattern: Microservices Architecture},
	Url = {http://microservices.io/patterns/microservices.html},
	Urldate = {30.05.2016},
	Bdsk-Url-1 = {http://microservices.io/patterns/microservices.html},
	howpublished = "\url{http://microservices.io/patterns/microservices.html}",
	note = {Zugriff am 30.05.2016}}

@inproceedings{sarma2010model,
	Author = {Sarma, Monalisa and Murthy, PVR and Jell, Sylvia and Ulrich, Andreas},
	Booktitle = {Proceedings of the 5th Workshop on Automation of Software Test},
	Organization = {ACM},
	Pages = {87--90},
	Title = {Model-based testing in industry: a case study with two MBT tools},
	Year = {2010}}

@url{mars,
	Date-Added = {2016-06-12 08:05:01 +0000},
	Date-Modified = {2016-06-12 09:51:06 +0000},
	Lastchecked = {30.05.2016},
	Title = {MARS Group HAW Hamburg},
	Url = {http://mars-group.mars.haw-hamburg.de/},
	Urldate = {30.05.2016},
	Bdsk-Url-1 = {http://mars-group.mars.haw-hamburg.de/},
	howpublished = "\url{http://mars-group.mars.haw-hamburg.de/}",
	note = {Zugriff am 30.05.2016}}
	
@url{heise,
	Date-Added = {2016-06-12 08:05:01 +0000},
	Date-Modified = {2016-06-12 09:51:06 +0000},
	Lastchecked = {09.09.2016},
	Title = {Der perfekte Microservice},
	Url = {http://heise.de/-3091905/},
	Urldate = {30.05.2016},
	Bdsk-Url-1 = {http://heise.de/-3091905/},
	howpublished = "\url{http://heise.de/-3091905/}",
	note = {Zugriff am 09.09.2016}}

@url{fowler2014,
	Author = {Martin Fowler},
	Date-Added = {2016-06-12 08:04:05 +0000},
	Date-Modified = {2016-06-12 09:50:28 +0000},
	Lastchecked = {23.05.2016},
	Title = {Microservices},
	Url = {http://martinfowler.com/articles/microservices.html},
	Urldate = {23.05.2016},
	Year = {2014},
	Bdsk-Url-1 = {http://martinfowler.com/articles/microservices.html},
	howpublished = "\url{http://martinfowler.com/articles/microservices.html}",
	note = {Zugriff am 23.05.2016}}

@book{whittaker2012google,
	Author = {Whittaker, James A and Arbon, Jason and Carollo, Jeff},
	Date-Added = {2016-06-12 08:02:58 +0000},
	Date-Modified = {2016-06-12 08:03:45 +0000},
	Publisher = {Addison-Wesley},
	Title = {How Google tests software},
	Year = {2012}}

@inproceedings{savchenko2015,
	Author = {Savchenko, DI and Radchenko, GI and Taipale, O},
	Booktitle = {Information and Communication Technology, Electronics and Microelectronics (MIPRO), 2015 38th International Convention on},
	Date-Added = {2016-06-12 08:00:19 +0000},
	Date-Modified = {2016-06-12 08:01:21 +0000},
	Organization = {IEE},
	Pages = {235--240},
	Title = {Microservices validation: Mjolnirr platform case study},
	Year = {2015}}

@inproceedings{savchenko2015microservices,
	Author = {Savchenko, Dmitry and Radchenko, Gleb},
	Booktitle = {EUR Workshop Proceedings. Vol. 1513: Proceedings of the 1st Ural Workshop on Parallel, Distributed, and Cloud Computing for Young Scientists (Ural-PDC 2015).---Yekaterinburg, 2015.},
	Date-Added = {2016-06-12 07:57:41 +0000},
	Date-Modified = {2016-06-12 07:58:25 +0000},
	Title = {Microservices Validation: Methodology and Implementation},
	Year = {2015}}

@url{Pickens2015,
	Author = {Taylor Pickens},
	Date-Added = {2016-06-12 07:55:22 +0000},
	Date-Modified = {2016-06-12 09:46:22 +0000},
	Lastchecked = {20.05.2016},
	Title = {Testing Strategies for Microservices},
	Url = {https://www.credera.com/blog/technology-insights/open-source-technology-insights/testing-strategies-for-microservices/},
	Urldate = {20.05.2016},
	Bdsk-Url-1 = {https://www.credera.com/blog/technology-insights/open-source-technology-insights/testing-strategies-formicroservices/},
	howpublished = "\url{https://www.credera.com/blog/technology-insights/\nopen-source-technology-insights/testing-strategies-formicroservices/}",
	note = {Zugriff am 20.05.2016}}

@proceedings{Huening2016,
	Date-Added = {2016-06-12 07:53:40 +0000},
	Date-Modified = {2016-06-12 07:55:05 +0000},
	Editor = {Christian HÃ¼ning and Mitja Adebahr and Thomas Thiel-Clemen and et al.},
	Publisher = {To appear in Proceedings of the 2016 Spring Simulation Multiconference},
	Title = {Modeling \& Simulation as a Service with the Massive Multi-Agent System MARS},
	Year = {2016}}

@url{Fowler2014testing,
	Author = {Martin Fowler and Toby Clemson},
	Date-Added = {2016-06-12 07:51:43 +0000},
	Date-Modified = {2016-06-12 14:05:00 +0000},
	Lastchecked = {12.05.2016},
	Title = {Testing Strategies in a Microservice Architecture},
	Url = {http://martinfowler.com/articles/microservice-testing/ },
	Urldate = {12.05.2016},
	Year = {2014},
	Bdsk-Url-1 = {http://martinfowler.com/articles/microservice-testing/},
	howpublished = "\url{http://martinfowler.com/articles/microservice-testing/}",
	note = {Zugriff am 12.05.2016}}

@url{Ford_2016,
	Author = {Neal Ford},
	Date-Added = {2016-06-12 07:49:25 +0000},
	Date-Modified = {2016-06-12 09:49:15 +0000},
	Lastchecked = {20.05.2016},
	Title = {Building Microservice Architectures},
	Url = {http://nealford.com/downloads/Building_Microservice_Architectures_Neal_Ford.pdf},
	Urldate = {20.05.2016},
	Bdsk-Url-1 = {http://nealford.com/downloads/Building_Microservice_Architectures_Neal_Ford.pdf},
	howpublished = "\url{http://nealford.com/downloads/Building_Microservice_Architectures_Neal_Ford.pdf}",
	note = {Zugriff am 20.05.2016}}
	
@inproceedings{bach2003exploratory,
	Author = {Bach, James},
	Booktitle = {The Testing Practitioner, Second Edition},
	Date-Added = {2016-06-12 07:49:02 +0000},
	Date-Modified = {2016-06-12 07:49:02 +0000},
	Editor = {E. van Veenendaal Ed.,Den Bosch},
	Pages = {253--265},
	Publisher = {UTN Publishers},
	Title = {Exploratory testing explained},
	Year = {2003}}

@book{homes2013fundamentals,
  title={Fundamentals of Software Testing},
  author={Hom{\`e}s, Bernard},
  year={2013},
  publisher={John Wiley \& Sons}
}

@inbook{Canfora2009,
	Address = {Berlin, Heidelberg},
	Author = {Canfora, Gerardo and Di Penta, Massimiliano},
	Booktitle = {Software Engineering: International Summer Schools, ISSSE 2006-2008, Salerno, Italy, Revised Tutorial Lectures},
	Date-Added = {2016-06-12 07:49:02 +0000},
	Date-Modified = {2016-06-12 07:49:02 +0000},
	Doi = {10.1007/978-3-540-95888-8_4},
	Editor = {De Lucia, Andrea and Ferrucci, Filomena},
	Isbn = {978-3-540-95888-8},
	Pages = {78--105},
	Publisher = {Springer Berlin Heidelberg},
	Title = {Service-Oriented Architectures Testing: A Survey},
	Url = {http://dx.doi.org/10.1007/978-3-540-95888-8_4},
	Year = {2009},
	Bdsk-Url-1 = {http://dx.doi.org/10.1007/978-3-540-95888-8_4}}
	
@url{locloud,
	Date-Added = {2016-06-12 08:05:01 +0000},
	Date-Modified = {2016-06-12 09:51:06 +0000},
	Lastchecked = {05.07.2016},
	Title = {the LoCloud vocabulary microservice},
    howpublished = "\url{http://www.locloud.eu/News/Easy-use-and-creation-of-
	"vocabularies-the-LoCloud-\nvocabulary-microservice-the-LoCloud-vocabulary-\nmicroservice/}",
	Urldate = {30.05.2016},
	note = {Zugriff am 05.07.2016}}
