@misc{test,
  author="Test et al.",
  title="test it if you can",
  year=2015
}
@Book{,
ALTauthor = {Dunkel, Eberhart, Fischer, Kleiner, Koschel},
ALTeditor = {•},
title = {Systemarchitekturen für verteilte System},
publisher = {Carl Hanser Verlag München},
year = {2008},
OPTkey = {•},
OPTvolume = {•},
OPTnumber = {•},
OPTseries = {•},
OPTaddress = {•},
OPTedition = {•},
OPTmonth = {•},
OPTnote = {•},
OPTannote = {•}
}

